
@book{tokyo,
  title={Approximation algorithms facility location problems},
  author={Vygen, Jens},
  year={2005},
  publisher={Forschungsinstitut f{\"u}r Diskrete Mathematik, Rheinische Friedrich-Wilhelms-Universit{\"a}t}
}

@article{silva,
  title={A capacitated facility location problem with constrained backlogging probabilities},
  author={Silva, Francisco Jos{\'e} Ferreira and De la Figuera, DS},
  journal={International journal of production research},
  volume={45},
  number={21},
  pages={5117--5134},
  year={2007},
  publisher={Taylor \& Francis}
}

@article{original,
  title={Approximation algorithms for hard capacitated k-facility location problems},
  author={Aardal, Karen and van den Berg, Pieter L and Gijswijt, Dion and Li, Shanfei},
  journal={European Journal of Operational Research},
  volume={242},
  number={2},
  pages={358--368},
  year={2015},
  publisher={Elsevier}
}

